
@article{claerbout:467,
author = {Jon F. Claerbout},
collaboration = {},
title = {TOWARD A UNIFIED THEORY OF REFLECTOR MAPPING},
publisher = {SEG},
year = {1971},
journal = {Geophysics},
volume = {36},
number = {3},
pages = {467-481},
url = {http://link.aip.org/link/?GPY/36/467/1},
doi = {10.1190/1.1440185}
}




@article{baysal:1514,
author = {Edip Baysal and Dan D. Kosloff and John W. C. Sherwood},
collaboration = {},
title = {Reverse time migration},
publisher = {SEG},
year = {1983},
journal = {Geophysics},
volume = {48},
number = {11},
pages = {1514-1524},
url = {http://link.aip.org/link/?GPY/48/1514/1},
doi = {10.1190/1.1441434}
}



@article{whitmore:382,
author = {N. D. Whitmore},
collaboration = {},
title = {Iterative depth migration by backward time propagation},
publisher = {SEG},
year = {1983},
journal = {SEG Technical Program Expanded Abstracts},
volume = {2},
number = {1},
pages = {382-385},
url = {http://link.aip.org/link/?SGA/2/382/1},
doi = {10.1190/1.1893867}
}




@article{guitton:S19,
author = {Antoine Guitton and Bruno Kaelin and Biondo Biondi},
collaboration = {},
title = {Least-squares attenuation of reverse-time-migration artifacts},
publisher = {SEG},
year = {2007},
journal = {Geophysics},
volume = {72},
number = {1},
pages = {S19-S23},
keywords = {seismic waves; least squares approximations; geophysical signal processing},
url = {http://link.aip.org/link/?GPY/72/S19/1},
doi = {10.1190/1.2399367}
}


@article{kaelin:3125,
author = {Bruno Kaelin and Carla Carvajal},
collaboration = {},
title = {Eliminating imaging artifacts in RTM using pre-stack gathers},
publisher = {SEG},
year = {2011},
journal = {SEG Technical Program Expanded Abstracts},
volume = {30},
number = {1},
pages = {3125-3129},
keywords = {filtering; imaging; migration; prestack; reverse-time},
url = {http://link.aip.org/link/?SGA/30/3125/1},
doi = {10.1190/1.3627845}
}


@article{fletcher:2049,
author = {Robin F. Fletcher and Paul Fowler and Phil Kitchenside and Uwe Albertin},
collaboration = {},
title = {Suppressing artifacts in prestack reverse time migration},
publisher = {SEG},
year = {2005},
journal = {SEG Technical Program Expanded Abstracts},
volume = {24},
number = {1},
pages = {2049-2051},
url = {http://link.aip.org/link/?SGA/24/2049/1},
doi = {10.1190/1.2148113}
}




@article{sava:S209,
author = {Paul Sava and Sergey Fomel},
collaboration = {},
title = {Time-shift imaging condition in seismic migration},
publisher = {SEG},
year = {2006},
journal = {Geophysics},
volume = {71},
number = {6},
pages = {S209-S217},
keywords = {seismology; geophysical techniques; geophysical signal processing},
url = {http://link.aip.org/link/?GPY/71/S209/1},
doi = {10.1190/1.2338824}
}


@article{fei:3130,
author = {Tong W. Fei and Yi Luo and Gerard T. Schuster},
collaboration = {},
title = {De-blending reverse-time migration},
publisher = {SEG},
year = {2010},
journal = {SEG Technical Program Expanded Abstracts},
volume = {29},
number = {1},
pages = {3130-3134},
keywords = {depth; migration; noise; prestack; wave equation},
url = {http://link.aip.org/link/?SGA/29/3130/1},
doi = {10.1190/1.3513496}
}

@article{GPR:GPR413,
author = {McMechan, G. A.},
title = {MIGRATION BY EXTRAPOLATION OF TIME-DEPENDENT BOUNDARY VALUES*},
journal = {Geophysical Prospecting},
volume = {31},
number = {3},
publisher = {Blackwell Publishing Ltd},
issn = {1365-2478},
url = {http://dx.doi.org/10.1111/j.1365-2478.1983.tb01060.x},
doi = {10.1111/j.1365-2478.1983.tb01060.x},
pages = {413--420},
year = {1983},
}



